@book{kleinrock1975queuing,
	title={Queuing systems},
	author={Kleinrock, Leonard},
	year={1975},
	publisher={Wiley}
}